<record><leader>00000cas a22000007a 4500</leader><controlfield tag="001">15863709</controlfield><controlfield tag="008">870608d19121912inudn ne      0    0eng d</controlfield><datafield ind1=" " ind2=" " tag="010"><subfield code="a">sn 87056101 </subfield></datafield><datafield ind1=" " ind2=" " tag="040"><subfield code="a">NPI</subfield><subfield code="b">eng</subfield><subfield code="c">NPI</subfield><subfield code="d">OCLCQ</subfield></datafield><datafield ind1=" " ind2=" " tag="042"><subfield code="a">msc</subfield></datafield><datafield ind1="0" ind2=" " tag="130"><subfield code="a">Journal-tribune (Logansport, Ind.)</subfield></datafield><datafield ind1="1" ind2="4" tag="245"><subfield code="a">The journal-tribune.</subfield></datafield><datafield ind1=" " ind2=" " tag="260"><subfield code="a">Logansport, Ind. :</subfield><subfield code="b">Tribune-Journal Co.,</subfield><subfield code="c">1912.</subfield></datafield><datafield ind1=" " ind2=" " tag="310"><subfield code="a">Daily (except Mon.)</subfield></datafield><datafield ind1="0" ind2=" " tag="362"><subfield code="a">Vol. 5, no. 260 (Oct. 5, 1912)-v. 5, no. 265 (Oct. 11, 1912).</subfield></datafield><datafield ind1=" " ind2=" " tag="752"><subfield code="a">United States</subfield><subfield code="b">Indiana</subfield><subfield code="c">Cass</subfield><subfield code="d">Logansport.</subfield></datafield><datafield ind1="0" ind2="4" tag="780"><subfield code="t">Logansport journal (Logansport, Ind. : Daily : 1902)</subfield><subfield code="w">(DLC)sn 87056057</subfield></datafield><datafield ind1="0" ind2="4" tag="780"><subfield code="t">Logansport daily tribune (Logansport, Ind. : 1907)</subfield><subfield code="w">(DLC)sn 87056058</subfield></datafield><datafield ind1="0" ind2="0" tag="785"><subfield code="t">Logansport journal-tribune</subfield><subfield code="w">(DLC)sn 87056059</subfield></datafield></record>